@ARTICLE{Hamadi09manysat:a,
    author = {Youssef Hamadi and Lakhdar Sais},
    title = {ManySAT: a parallel SAT solver},
    journal = {JOURNAL ON SATISFIABILITY, BOOLEAN MODELING AND COMPUTATION (JSAT)},
    year = {2009}
}

@ARTICLE{GradSat,
    author = {Wahid Chrabakh and Rich Wolski},
    title = {GrADSAT: A Parallel SAT Solver for the Grid},
    journal = {UCSB Computer Science Technical Report Number 2003-05},
    year = {2003}
}

@ARTICLE{HordeSAT,
    author = {Tomas Balyo, Peter Sanders, Carsten Sinz},
    title = {HordeSat: A Massively Parallel Portfolio SAT Solver},
    journal = {2015 SAT Conference},
    year = {2015}
}